%% This BibTeX bibliography file was created using BibDesk.
%% http://bibdesk.sourceforge.net/

%% Created for Alexander Kwok at 2017-03-30 23:10:42 +1300 

%% Saved with string encoding Unicode (UTF-8) 

@misc{GitHub,
	title={Alex GitHub Repo},
	author={https://github.com/alex1v1a/Mechatrnoics/},
	year={2017}
}